@article{Barbara88-MaxminLeximax,
  title = "Maximin, leximin, and the protective criterion: Characterizations and comparisons ",
  journal = "Journal of Economic Theory ",
  volume = "46",
  number = "1",
  pages = "34 - 44",
  year = "1988",
  note = "",
  issn = "0022-0531",
  doi = "http://dx.doi.org/10.1016/0022-0531(88)90148-2",
  url = "http://www.sciencedirect.com/science/article/pii/0022053188901482",
  author = "Salvador Barbara and Matthew Jackson"
}

@article{Bossert94-RankingOpportunitySets,
  title = "Ranking Opportunity Sets: An Axiomatic Approach ",
  journal = "Journal of Economic Theory ",
  volume = "63",
  number = "2",
  pages = "326 - 345",
  year = "1994",
  note = "",
  issn = "0022-0531",
  doi = "http://dx.doi.org/10.1006/jeth.1994.1045",
  url = "http://www.sciencedirect.com/science/article/pii/S0022053184710453",
  author = "Walter Bossert and Prasanta K. Pattanaik and Yongsheng Xu"
}

@article{Fargier05-QuantitativeDecisionMaking,
  title = "Qualitative decision under uncertainty: back to expected utility ",
  journal = "Artificial Intelligence ",
  volume = "164",
  number = "1–2",
  pages = "245 - 280",
  year = "2005",
  note = "",
  issn = "0004-3702",
  doi = "http://dx.doi.org/10.1016/j.artint.2004.12.002",
  url = "http://www.sciencedirect.com/science/article/pii/S0004370205000020",
  author = "Hélène Fargier and Régis Sabbadin",
}

@article{Arlegi05-FreedomOfChoice,
  title = "Freedom of choice: the leximax criterion in the infinite case ",
  journal = "Mathematical Social Sciences ",
  volume = "49",
  number = "1",
  pages = "1 - 15",
  year = "2005",
  note = "",
  issn = "0165-4896",
  doi = "http://dx.doi.org/10.1016/j.mathsocsci.2004.04.003",
  url = "http://www.sciencedirect.com/science/article/pii/S0165489604000551",
  author = "R. Arlegi and M. Besada and J. Nieto and C. Vázquez",
}

@book{Altman99-CMDPs,
  title={Constrained Markov Decision Processes},
  author={Altman, Eitan},
  volume={7},
  year={1999},
  publisher={CRC Press}
}

@inproceedings{Mouaddib04-MultiObjectivePathPlanning, 
  author={Mouaddib, A.-I.}, 
  booktitle={Robotics and Automation, 2004. Proceedings. ICRA '04. 2004 IEEE International Conference on}, 
  title={Multi-objective decision-theoretic path planning}, 
  year={2004}, 
  month={April}, 
  volume={3}, 
  pages={2814-2819 Vol.3}, 
  doi={10.1109/ROBOT.2004.1307487}, 
  ISSN={1050-4729}
}

@article{Perny13-LorenzOptimalSolutionsMOMDPs,
  author    = {Patrice Perny and Paul Weng and Judy Goldsmith and Josiah Hanna},
  title     = {Approximation of Lorenz-Optimal Solutions in Multiobjective Markov Decision Processes},
  journal   = {CoRR},
  volume    = {abs/1309.6856},
  year      = {2013},
  ee        = {http://arxiv.org/abs/1309.6856},
  bibsource = {DBLP, http://dblp.uni-trier.de}
}

@article{Mitten74-PreferenceOrderDynamicProgramming,
  author = {Mitten, L. G.},
  title = {Preference Order Dynamic Programming},
  journal = {Management Science},
  volume = {21},
  number = {1},
  pages = {43-46},
  year = {1974},
  doi = {10.1287/mnsc.21.1.43},
}

@article{Sobel75-OrdinalDynamicProgramming,
  author = {Sobel, Matthew J.},
  title = {Ordinal Dynamic Programming},
  journal = {Management Science},
  volume = {21},
  number = {9},
  pages = {967-975},
  year = {1975},
  doi = {10.1287/mnsc.21.9.967},
}

@article{Gonzales11-DecisionMakingMultipleObjectivesGAINetworks,
  title = "Decision making with multiple objectives using \{GAI\} networks ",
  journal = "Artificial Intelligence ",
  volume = "175",
  number = "7–8",
  pages = "1153 - 1179",
  year = "2011",
  note = "Representing, Processing, and Learning Preferences: Theoretical and Practical Challenges ",
  issn = "0004-3702",
  doi = "http://dx.doi.org/10.1016/j.artint.2010.11.020",
  url = "http://www.sciencedirect.com/science/article/pii/S0004370210002092",
  author = "C. Gonzales and P. Perny and J.Ph. Dubus",
}

@article{Roijers13-SurveyMultiObjective,
  title={A survey of multi-objective sequential decision-making},
  author={Roijers, Diederik M and Vamplew, Peter and Whiteson, Shimon and Dazeley, Richard},
  journal={Journal of Artificial Intelligence Research},
  volume={48},
  pages={67--113},
  year={2013}
}

@article{Kolobov12-TheoryGoalOrientedMDPsDeadEnds,
  author    = {Andrey Kolobov and Mausam and Daniel S. Weld},
  title     = {A Theory of Goal-Oriented MDPs with Dead Ends},
  journal   = {CoRR},
  volume    = {abs/1210.4875},
  year      = {2012},
  ee        = {http://arxiv.org/abs/1210.4875},
  bibsource = {DBLP, http://dblp.uni-trier.de}
}

@inproceedings{Gabor98-MultiObjectiveReinforcementLearning,
  title={Multi-criteria Reinforcement Learning.},
  author={G{\'a}bor, Zolt{\'a}n and Kalm{\'a}r, Zsolt and Szepesv{\'a}ri, Csaba},
  booktitle={ICML},
  volume={98},
  pages={197--205},
  year={1998}
}

@inproceedings{Natarajan05-DynamicPreferencesMultiCriteriaRL,
  title={Dynamic preferences in multi-criteria reinforcement learning},
  author={Natarajan, Sriraam and Tadepalli, Prasad},
  booktitle={Proceedings of the 22nd international conference on Machine learning},
  pages={601--608},
  year={2005},
  organization={ACM}
}